
\begin{thebibliography}
@preamble{ " \newcommand{\noop}[1]{} " } % a do-nothing command that serves a purpose

@inproceedings{c1, 
	title={The virtual linkage: a model for internal forces in multi-grasp manipulation}, 
	author={D. Williams and O. Khatib}, 
	booktitle={[1993] Proceedings IEEE International Conference on Robotics and Automation}, 
	year={1993}, 
	volume={}, 
	number={}, 
	pages={1025-1030 vol.1}, 
	doi={10.1109/ROBOT.1993.292110}, 
	ISSN={}, 
	month={May},
}

\end{thebibliography}
